<record><leader>00000cas a22000007a 4500</leader><controlfield tag="001">16115490</controlfield><controlfield tag="008">870630d18711872msudr ne      0   a0eng d</controlfield><datafield ind1=" " ind2=" " tag="010"><subfield code="a">sn 87065516 </subfield></datafield><datafield ind1=" " ind2=" " tag="040"><subfield code="a">MJA</subfield><subfield code="b">eng</subfield><subfield code="c">MJA</subfield><subfield code="d">MSJ</subfield><subfield code="d">OCLCQ</subfield><subfield code="d">DLC</subfield><subfield code="d">OCLCF</subfield></datafield><datafield ind1="0" ind2=" " tag="022"><subfield code="a">2575-4602</subfield><subfield code="2">1</subfield></datafield><datafield ind1=" " ind2=" " tag="042"><subfield code="a">msc</subfield><subfield code="a">nsdp</subfield></datafield><datafield ind1=" " ind2=" " tag="043"><subfield code="a">n-us-ms</subfield></datafield><datafield ind1="0" ind2="0" tag="050"><subfield code="a">Newspaper</subfield></datafield><datafield ind1="1" ind2="0" tag="082"><subfield code="a">071</subfield><subfield code="2">23</subfield></datafield><datafield ind1=" " ind2="4" tag="222"><subfield code="a">The  daily Panola star</subfield><subfield code="b">(Print)</subfield></datafield><datafield ind1="0" ind2="4" tag="245"><subfield code="a">The daily Panola star.</subfield></datafield><datafield ind1=" " ind2=" " tag="260"><subfield code="a">Sardis, Miss. :</subfield><subfield code="b">[s.n.],</subfield><subfield code="c">1872-</subfield></datafield><datafield ind1=" " ind2=" " tag="310"><subfield code="a">Daily</subfield></datafield><datafield ind1="1" ind2=" " tag="362"><subfield code="a">Began with vol. I, no. 1 (October 31, 1871). Ceased with vol. 1, no. 4 (Oct. 1872)?</subfield></datafield><datafield ind1=" " ind2=" " tag="500"><subfield code="a">Published during the Sardis Agricultural and Mechanical Society's annual fall fair.</subfield></datafield><datafield ind1=" " ind2=" " tag="515"><subfield code="a">Numbering restarts with volume 1, number 1 each year.</subfield></datafield><datafield ind1=" " ind2=" " tag="530"><subfield code="a">Archived issues are available in digital format from the Library of Congress Chronicling America online collection.</subfield></datafield><datafield ind1=" " ind2=" " tag="580"><subfield code="a">Issued also in a weekly ed. called: Weekly Panola star (Sardis, Miss. : 1857).</subfield></datafield><datafield ind1=" " ind2=" " tag="588"><subfield code="a">Description based on: Vol. I, no. 1 (October 31, 1871); title from masthead.</subfield></datafield><datafield ind1=" " ind2=" " tag="588"><subfield code="a">Latest issue consulted: Vol. 1, no. 4 (Oct. 1872).</subfield></datafield><datafield ind1=" " ind2="0" tag="651"><subfield code="a">Panola County (Miss.)</subfield><subfield code="v">Newspapers.</subfield></datafield><datafield ind1=" " ind2="7" tag="651"><subfield code="a">Mississippi</subfield><subfield code="z">Panola County.</subfield><subfield code="2">fast</subfield><subfield code="0">(OCoLC)fst01225837</subfield></datafield><datafield ind1=" " ind2="7" tag="655"><subfield code="a">Newspapers.</subfield><subfield code="2">fast</subfield><subfield code="0">(OCoLC)fst01423814</subfield></datafield><datafield ind1=" " ind2=" " tag="752"><subfield code="a">United States</subfield><subfield code="b">Mississippi</subfield><subfield code="c">Panola</subfield><subfield code="d">Sardis.</subfield></datafield><datafield ind1="1" ind2=" " tag="775"><subfield code="t">Weekly Panola star (Sardis, Miss. : 1857)</subfield><subfield code="x">2470-2331</subfield><subfield code="w">(DLC)sn 83016951</subfield><subfield code="w">(OCoLC)10234693</subfield></datafield><datafield ind1="0" ind2="8" tag="776"><subfield code="i">Online version:</subfield><subfield code="t">Daily Panola star</subfield><subfield code="x">2575-4610</subfield><subfield code="w">(DLC)  2017218863</subfield><subfield code="w">(OCoLC)1005229413</subfield></datafield><datafield ind1="4" ind2="1" tag="856"><subfield code="u">http://www.loc.gov/chroniclingamerica/lccn/sn87065516/issues</subfield></datafield></record>